<record><leader>00000cas a2200000 a 4500</leader><controlfield tag="001">25619430</controlfield><controlfield tag="008">920409c19929999iauwr ne      0   a0eng d</controlfield><datafield ind1=" " ind2=" " tag="010"><subfield code="a">sn 92003328 </subfield></datafield><datafield ind1=" " ind2=" " tag="040"><subfield code="a">IWA</subfield><subfield code="b">eng</subfield><subfield code="c">IWA</subfield><subfield code="d">NSD</subfield><subfield code="d">OCLCQ</subfield></datafield><datafield ind1=" " ind2=" " tag="012"><subfield code="m">1</subfield></datafield><datafield ind1="1" ind2=" " tag="022"><subfield code="a">1063-7028</subfield><subfield code="l">1063-7028</subfield><subfield code="2">1</subfield></datafield><datafield ind1=" " ind2=" " tag="032"><subfield code="a">628140</subfield><subfield code="b">USPS</subfield></datafield><datafield ind1=" " ind2=" " tag="037"><subfield code="b">The Thompson Courier and Rake Register, POB 318, Thompson, IO 50478</subfield></datafield><datafield ind1=" " ind2=" " tag="042"><subfield code="a">nsdp</subfield><subfield code="a">msc</subfield></datafield><datafield ind1=" " ind2="4" tag="222"><subfield code="a">The Thompson courier and Rake register</subfield></datafield><datafield ind1="0" ind2="4" tag="245"><subfield code="a">The Thompson courier and Rake register.</subfield></datafield><datafield ind1=" " ind2=" " tag="260"><subfield code="a">Thompson, Winnebago County, Iowa :</subfield><subfield code="b">Thompson Courier &amp; Rake Register</subfield></datafield><datafield ind1=" " ind2=" " tag="300"><subfield code="a">v. :</subfield><subfield code="b">ill. ;</subfield><subfield code="c">42 cm.</subfield></datafield><datafield ind1=" " ind2=" " tag="310"><subfield code="a">Weekly</subfield></datafield><datafield ind1="0" ind2=" " tag="362"><subfield code="a">Vol. 99, no. 38 (2 Apr. 1992)-</subfield></datafield><datafield ind1=" " ind2=" " tag="588"><subfield code="a">Latest issue consulted: Vol. 99, no. 47 (4 June 1992).</subfield></datafield><datafield ind1=" " ind2=" " tag="752"><subfield code="a">United States</subfield><subfield code="b">Iowa</subfield><subfield code="c">Winnebago</subfield><subfield code="d">Thompson.</subfield></datafield><datafield ind1=" " ind2=" " tag="752"><subfield code="a">United States</subfield><subfield code="b">Iowa</subfield><subfield code="c">Winnebago</subfield><subfield code="d">Rake.</subfield></datafield><datafield ind1="0" ind2="4" tag="780"><subfield code="t">Thompson courier (Thompson, Iowa : 1926)</subfield><subfield code="w">(DLC)sn 87057855</subfield><subfield code="w">(OCoLC)16830114</subfield></datafield><datafield ind1="0" ind2="4" tag="780"><subfield code="t">Rake register</subfield><subfield code="w">(DLC)sn 87057852</subfield><subfield code="w">(OCoLC)16830129</subfield></datafield></record>